\begin{code}
@misc{lewis2021retrievalaugmented,
      title={Retrieval-Augmented Generation for Knowledge-Intensive NLP Tasks}, 
      author={Patrick Lewis and Ethan Perez and Aleksandra Piktus and Fabio Petroni and Vladimir Karpukhin and Naman Goyal and Heinrich Küttler and Mike Lewis and Wen-tau Yih and Tim Rocktäschel and Sebastian Riedel and Douwe Kiela},
      year={2021},
      eprint={2005.11401},
      archivePrefix={arXiv},
      primaryClass={cs.CL}
}
\end{code}

 @misc{ enwiki:1201106318,
    author = "{Wikipedia contributors}",
    title = "Vue.js --- {Wikipedia}{,} The Free Encyclopedia",
    year = "2024",
    howpublished = "\url{https://en.wikipedia.org/w/index.php?title=Vue.js&oldid=1201106318}",
    note = "[Online; accessed 3-March-2024]"
  }

@misc{ enwiki:1206918069,
    author = "{Wikipedia contributors}",
    title = "Tailwind CSS --- {Wikipedia}{,} The Free Encyclopedia",
    year = "2024",
    howpublished = "\url{https://en.wikipedia.org/w/index.php?title=Tailwind_CSS&oldid=1206918069}",
    note = "[Online; accessed 3-March-2024]"
  }

@misc{ axios,
    year = "2024",
    howpublished = "\url{https://axios-http.com/docs/intro}",
    note = "[Online; accessed 3-March-2024]"
}

@misc{ fastapi,
    year = "2024",
    howpublished = "\url{https://fastapi.tiangolo.com/}",
    note = "[Online; accessed 3-March-2024]"
}


@misc{ datacamp,
    year = "2024",
    howpublished = "\url{https://www.datacamp.com/tutorial/llama-index-adding-personal-data-to-llms}",
    note = "[Online; accessed 3-March-2024]"
}


@misc{ postgres,
    year = "2024",
    howpublished = "\url{https://www.postgresql.org/about/}",
    note = "[Online; accessed 3-March-2024]"
}


@misc{ uvicorn,
    year = "2024",
    howpublished = "\url{https://www.uvicorn.org/}",
    note = "[Online; accessed 3-March-2024]"
}


@online{source-ref,
    title = {Retrieval-Augmented Generation Workflow},
    author = {Leonie Monigatti},
    url ={ https://miro.medium.com/v2/resize:fit:1400/format:webp/1*kSkeaXRvRzbJ9SrFZaMoOg.png},
}
